@ONLINE{o1,
	author={Mateusz Buda and Atsuto Maki and Maciej A. Mazurowski},
	title={A systematic study of the class imbalance problem in convolutional neural networks},
	year={Oct 15, 2017},
	howpublished={\url{https://arxiv.org/abs/1710.05381}},
	note={Zuletzt abgerufen am 09.03.2022},
}

@ONLINE{o2, 
	author={Ritchie Ng and Jie Fu},
	title={Learning Rate Scheduling},
	year={April 18, 2019},
	howpublished={\url{https://www.deeplearningwizard.com/deep_learning/boosting_models_pytorch/lr_scheduling/}},
	note={Zuletzt abgerufen am 09.03.2022},
}

@ONLINE{o3, 
	author={Eugenia Anello},
	title={K Fold Cross Validation with Pytorch and sklearn},
	year={Jul 19, 2021},
	howpublished={\url{https://medium.com/dataseries/k-fold-cross-validation-with-pytorch-and-sklearn-d094aa00105f}},
	note={Zuletzt abgerufen am 09.03.2022},
}

@ONLINE{o4, 
	author={Berkeley SETI Research Center},
	title={SETI Breakthrough Listen - E.T. Signal Search},
	year={2021},
	howpublished={\url{https://www.kaggle.com/c/seti-breakthrough-listen}},
	note={Zuletzt abgerufen am 09.03.2022},
}

@BOOK{b5, 
	title={Computervision},
	author={Prof. Dr.-Ing. Laubenheimer},
	year={2021/2022},
	publisher={},
	note={Kapitel CV 4 Lokale Operatoren},
}

@BOOK{b6, 
	author={Fran√ßois Chollet},
	title={Deep Learning mit Python und Keras Das Praxishandbuch vom Entwickler der Keras Bibliothek},
	publisher={mitp Verlags GmbH \& Co. KG, Frechen},
	year={2018},
	address={},
	note={},
}